@misc{EtudeImpact2020,
   author = "Gouvernement français",
   title = "Projet de loi instituant un système universel de retraite. - Etude d'impact",
   year = "2020", 
   month = "Janvier", 
   day = "24"
}

@misc{COR2019,
   author = "Conseil d'orientation des retraites",
   title = "Évolutions et perspectives des retraites en France. Rapport annuel du COR",
   year = "2019", 
   month = "Juin"
}

@misc{SimulateurCOR,
   author = "Conseil d'orientation des retraites",
   title = "Simulateur",
   year = "2019", 
   howpublished={\url{https://www.cor-retraites.fr/simulateur}}
}

@misc{DocSimulateurCOR,
   author = "Conseil d'orientation des retraites",
   title = "Simulateur du COR / Documentation technique",
   year = "2016", 
   month = "Juillet"
}

@misc{SimulateurScherrer,
   author = "Bruno Scherrer",
   title = "Simulateur du COR en Python",
   year = "2019", 
   howpublished={\url{https://github.com/brunoscherrer/retraites}}
}

@misc{SimulateurNoRetraites,
   author = "Collectif Nos Retraites",
   title = "Simulateur du système de retraites",
   year = "2019", 
   howpublished={\url{https://nosretraites.github.io/roc-retraites}}
}

@misc{ProspectiveSenat,
   author = "Bernard ANGELS",
   title = "Prospective du couple franco-allemand
      Repères. Prospective du couple franco-allemand. 
      Rapport d'information numéro 663.",
   year = "2011", 
   month = "Juin"
}



